<record><leader>00000cas a2200000Ma 4500</leader><controlfield tag="001">191324767</controlfield><controlfield tag="008">840316d18491869moudr ne      0    0eng  </controlfield><datafield ind1=" " ind2=" " tag="010"><subfield code="a">sn 84020270 </subfield></datafield><datafield ind1=" " ind2=" " tag="040"><subfield code="a">DLC</subfield><subfield code="b">eng</subfield><subfield code="c">AQM</subfield><subfield code="d">OCLCQ</subfield></datafield><datafield ind1="0" ind2=" " tag="130"><subfield code="a">Daily Missouri republican (Saint Louis, Mo. : 1849)</subfield></datafield><datafield ind1="1" ind2="0" tag="245"><subfield code="a">Daily Missouri republican.</subfield></datafield><datafield ind1="3" ind2="0" tag="246"><subfield code="a">Sunday republican</subfield></datafield><datafield ind1="3" ind2="0" tag="246"><subfield code="a">Sunday morning republican</subfield></datafield><datafield ind1="1" ind2="3" tag="246"><subfield code="a">Republican</subfield></datafield><datafield ind1="1" ind2="7" tag="246"><subfield code="a">Missouri republican</subfield></datafield><datafield ind1=" " ind2=" " tag="260"><subfield code="a">St. Louis, Mo. :</subfield><subfield code="b">Chambers &amp; Knapp,</subfield><subfield code="c">-1869.</subfield></datafield><datafield ind1=" " ind2=" " tag="300"><subfield code="a">v. ;</subfield><subfield code="c">72 cm.</subfield></datafield><datafield ind1=" " ind2=" " tag="310"><subfield code="a">Daily</subfield></datafield><datafield ind1="1" ind2=" " tag="362"><subfield code="a">Began with July 9, 1849 issue.</subfield></datafield><datafield ind1="0" ind2=" " tag="362"><subfield code="a">-v. 47, no. 13 (Jan. 14, 1869).</subfield></datafield><datafield ind1=" " ind2=" " tag="500"><subfield code="a">Sunday edition has title: Sunday republican, July 9, 1849-Jan. 5, 1851, Sunday morning republican, Jan. 12, 1851-Nov. 24, 1861.</subfield></datafield><datafield ind1=" " ind2=" " tag="500"><subfield code="a">Publisher: George Knapp &amp; Co., &lt;1863, 1867&gt;.</subfield></datafield><datafield ind1=" " ind2=" " tag="588"><subfield code="a">Description based on: Vol. 28, no. 158 (July 10, 1849).</subfield></datafield><datafield ind1=" " ind2="7" tag="655"><subfield code="a">Newspapers.</subfield><subfield code="2">rbgenr</subfield></datafield><datafield ind1=" " ind2=" " tag="752"><subfield code="a">United States</subfield><subfield code="b">Missouri</subfield><subfield code="c">Saint Louis</subfield><subfield code="d">Saint Louis.</subfield></datafield><datafield ind1="0" ind2=" " tag="775"><subfield code="t">Tri-weekly Missouri republican</subfield><subfield code="w">(DLC)sn 83045770</subfield></datafield><datafield ind1="0" ind2=" " tag="775"><subfield code="t">Weekly Missouri republican</subfield><subfield code="w">(DLC)sn 84020303</subfield></datafield><datafield ind1="0" ind2="0" tag="780"><subfield code="t">Missouri republican (Saint Louis, Mo. : 1849)</subfield><subfield code="w">(DLC)sn 84020269</subfield></datafield><datafield ind1="0" ind2="0" tag="785"><subfield code="t">Missouri republican (Saint Louis, Mo. : Daily : 1869)</subfield><subfield code="w">(DLC)sn 84020271</subfield></datafield></record>